@article{secondtest,
  title={Second Test reference},
  author={Me, who else},
  journal={qut motorsport},
  volume={1},
  number={2146},
  pages={76--83},
  year={2020},
  publisher={QUT}
}